@conference{
    trucksFuel,
    title = "A Method for Dynamic Measurement of Trucks' Fuel Consumption",
    author = "Zhenhua Liu and Yanling Liu and Hao Liu",
    year = "2018",
    month = "September",
    publisher = "IEEE",
    doi = "10.1109/ICITE.2018.8492610",
    url = "https://ieeexplore.ieee.org/document/8492610"
}
@conference{
    accelerate,
    title = "Accelerated Testing and Evaluation of Autonomous Vehicles via Imitation Learning",
    author = "Galen E. Mullins and Austin G. Dress and Paul G. Stankiewicz and Jordan D. Appler and Satyandra K. Gupta",
    year = "2018",
    month = "May",
    publisher = "IEEE",
    doi = "10.1109/ICRA.2018.8460965",
    url = "https://ieeexplore.ieee.org/document/8460965/"
}
@conference{
    higherDims,
    title = "An Adaptive Sampling Approach for Evaluating Robot Self-Righting Capabilities",
    year = "2018",
    month = "August",
    publisher = "IEEE",
    doi = "10.1109/LRA.2018.2864350",
    url = "https://ieeexplore.ieee.org/document/8429055"
}
