@conference{
    fastParam,
    title = "Fast Parametrization of Vehicle Suspension Models",
    author = "Florian Reiterer and Hannes Gamper and Sandra Thaller and Patrick Schrangl and Helmut Kokal and Luigi del Re",
    year = "2018",
    month = "June",
    publisher = "IEEE",
    doi = "10.23919/ACC.2018.8431456",
    url = "https://ieeexplore.ieee.org/document/8431456"
}
@conference{
    overtake,
    title = "Autonomous overtaking using stochastic model predictive control",
    author = "Ngoc Anh Nguyen and Dominik Moser and Patrick Schrangl and Luigi del Re and Stephen Jones",
    year = "2017",
    month = "December",
    publisher = "IEEE",
    doi = "10.1109/ASCC.2017.8287308",
    url = "https://ieeexplore.ieee.org/document/8287308"
}
@conference{
    gpcAdapt,
    title = "Domain Adaptation for Gaussian Process Classification",
    author = " Kai Yang and Wanggen Wan and Jie Lu",
    year = "2018",
    month = "July",
    publisher = "IEEE",
    doi = "10.1109/ICALIP.2018.8455721",
    url = "https://ieeexplore.ieee.org/document/8455721"
}
@conference{
    integrated,
    title = "An integrated evaluation approach for performance and safety of autonomous vehicles",
    author = "Gabriele S. Zanardo and Thomas Stanger and Dominik Lang and Luigi del Re",
    year = "2013",
    month = "April",
    publisher = "IEEE",
    doi = "10.1109/ICCVE.2013.6799931",
    url = "https://ieeexplore.ieee.org/document/6799931"
}
