@conference{
    evasiveManeuvers,
    title = "Safety verification of autonomous vehicles for coordinated evasive maneuvers",
    author = "Matthias Althoff and Daniel Althoff and Dirk Wollherr and Martin Buss",
    year = "2010",
    month = "June",
    publisher = "IEEE",
    doi = "10.1109/IVS.2010.5548121",
    url = "https://ieeexplore.ieee.org/document/5548121"
}
