@conference{
    sensitivity,
    title = "Parameter sensitivity reduction of nonlinear model predictive control for discrete-time systems",
    author = "Patrick Schrangl and Toshiyuki Ohtsuka and Luigi del Re",
    year = "2017",
    month = "December",
    publisher = "IEEE",
    doi = "10.1109/ASCC.2017.8287504",
    url = "https://ieeexplore.ieee.org/document/8287504",
    addendum = {\par
        \textbf{How:} IEEExplore search (Same author: ``Luigi del Re'')\par
        \textbf{Why:} A similar approach could be used to increase the robustness of the approach against the model and uncertain parameters.
    }
}
@conference{
    idB,
    title = "title",
    author = "author",
    year = "year",
    month = "month",
    publisher = "publisher",
    doi = "doi",
    url = "url",
    addendum = {\par
        \textbf{How:} \par
        \textbf{Why:}
    }
}
@conference{
    idC,
    title = "title",
    author = "author",
    year = "year",
    month = "month",
    publisher = "publisher",
    doi = "doi",
    url = "url",
    addendum = {\par
        \textbf{How:} \par
        \textbf{Why:}
    }
}
@conference{
    idD,
    title = "title",
    author = "author",
    year = "year",
    month = "month",
    publisher = "publisher",
    doi = "doi",
    url = "url",
    addendum = {\par
        \textbf{How:} \par
        \textbf{Why:}
    }
}
