@conference{
    kriging,
    title = "Towards affordable on-track testing for autonomous vehicle â€” A Kriging-based statistical approach",
    author = "Zhiyuan Huang and Henry Lam and Ding Zhao",
    year = "2017",
    month = "October",
    publisher = "IEEE",
    doi = "10.1109/ITSC.2017.8317656",
    url = "https://ieeexplore.ieee.org/document/8317656"
}
