@conference{
    testGenPrio,
    title = "Test Generation and Test Prioritization for Simulink Models with Dynamic Behavior",
    author = "Reza Matinnejad and Shiva Nejati and Lionel Briand and Thomas Bruckmann",
    year = "2018",
    month = "March",
    publisher = "IEEE",
    doi = "10.1109/TSE.2018.2811489",
    url = "https://ieeexplore.ieee.org/document/8305644"
}
@conference{
    eaCritical,
    title = "Evolutionary algorithms: A critical review and its future prospects",
    author = "Pradnya A. Vikhar",
    year = "2017",
    month = "June",
    publisher = "IEEE",
    doi = "10.1109/ICGTSPICC.2016.7955308",
    url = "https://ieeexplore.ieee.org/document/7955308"
}
@conference{
    parallelEa,
    title = "A parallel Multi-objective Evolutionary Algorithm",
    author = "Zhang Wenpeng and Wang Xing",
    year = "2010",
    month = "August",
    publisher = "IEEE",
    doi = "10.1109/ICINDMA.2010.5538127",
    url = "https://ieeexplore.ieee.org/document/5538127"
}
@conference{
    blackBox,
    title = "Multi-objective black-box test case selection for cost-effectively testing simulation models",
    author = "Aitor Arrieta and Shuai Wang and Ainhoa Arruabarrena and Urtzi Markiegi and Goiuria Sagardui and Goiuria Sagardui",
    year = "2018",
    month = "July",
    publisher = "The Genetic and Evolutionary Computation Conference",
    doi = "10.1145/3205455.3205490",
    url = "https://dl.acm.org/citation.cfm?id=3205490"
}
