@conference{
    idA,
    title = "title",
    author = "author",
    year = "year",
    month = "month",
    publisher = "publisher",
    doi = "doi",
    url = "url",
    addendum = {\par
        \textbf{How:} \par
        \textbf{Why:}
    }
}
@conference{
    idB,
    title = "title",
    author = "author",
    year = "year",
    month = "month",
    publisher = "publisher",
    doi = "doi",
    url = "url",
    addendum = {\par
        \textbf{How:} \par
        \textbf{Why:}
    }
}
@conference{
    idC,
    title = "title",
    author = "author",
    year = "year",
    month = "month",
    publisher = "publisher",
    doi = "doi",
    url = "url",
    addendum = {\par
        \textbf{How:} \par
        \textbf{Why:}
    }
}
@conference{
    idD,
    title = "title",
    author = "author",
    year = "year",
    month = "month",
    publisher = "publisher",
    doi = "doi",
    url = "url",
    addendum = {\par
        \textbf{How:} \par
        \textbf{Why:}
    }
}
