@conference{
    bringmann13,
    author = "Karl Bringmann and Tobias Friedrich",
    title = "Approximation quality of the hypervolume indicator",
    url = "https://www.researchgate.net/publication/256660343_Approximation_quality_of_the_hypervolume_indicator",
    year = "2013",
    doi = "10.1016/j.artint.2012.09.005"
}
@conference{
    nsgaii,
    title = "A fast and elitist multiobjective genetic algorithm: NSGA-II",
    author = "K. Deb and A. Pratap and S. Agarwal and T. Meyarivan",
    year = "2002",
    month = "August",
    url = "https://ieeexplore.ieee.org/document/996017",
    publisher = "IEEE",
    pages = "182--197",
    doi = "10.1109/4235.996017"
}
@conference{
    moead,
    title = "MOEA/D: A Multiobjective Evolutionary Algorithm Based on Decomposition",
    author = "Qingfu Zhang and  Hui Li",
    year = "2007",
    month = "May",
    url = "https://dces.essex.ac.uk/staff/zhang/papers/moead.pdf"
}
@conference{
    improveNsgaii,
    title = "Improving the optimization performance of NSGA-II algorithm by experiment design methods",
    author = "Shidong Qiao and Xiang Dai and Zhong Liu and Jincai Huang and Guangying Zhu",
    year = "2012",
    month = "July",
    url = "https://ieeexplore.ieee.org/document/6269589",
    publisher = "IEEE",
    doi = "10.1109/CIMSA.2012.6269589"
}
@conference{
    scatterSearch,
    title = "Adaptive multi-objective archive-based hybrid scatter search for segmentation in lung computed tomography imaging",
    author = "Bong, Chin Wei and Yoong Lam, Hong and Tajudin Khader, Ahamad and Kamarulzaman, Hamzah",
    year = "2012",
    month = "March",
    doi = "10.1080/0305215X.2011.639369",
    url = "http://adsabs.harvard.edu/abs/2012EnOp...44..327B"
}
