@conference{
    trackgen,
    title = "TrackGen: An interactive track generator for TORCS and Speed-Dreams",
    author = "Luigi Cardamone and Pier Luca Lanzi and Daniele Loiacono",
    year = "2015",
    month = "March",
    doi = "10.1016/j.asoc.2014.11.010",
    url = "https://www.researchgate.net/publication/272381520_TrackGen_An_interactive_track_generator_for_TORCS_and_Speed-Dreams"
}
@conference{
    racingLine,
    title = "Evolving the optimal racing line in a high-end racing game",
    author = "Matteo Botta and Vincenzo Gautieri and Daniele Loiacono and Pier Luca Lanzi",
    year = "2012",
    month = "September",
    publisher = "IEEE",
    doi = "10.1109/CIG.2012.6374145",
    url = "https://ieeexplore.ieee.org/document/6374145"
}
@conference{
    dataDriven,
    title = "A Data-Driven Path Synthesis Framework for Racing Games",
    author = "Charlie Irawan Tan and Hung-Wei Hsu and Wen-Kai Tai and Chin-Chen Chang and Der-Lor Way",
    year = "2013",
    month = "July",
    publisher = "IEEE",
    doi = "10.1109/ICIG.2013.138",
    url = "https://ieeexplore.ieee.org/document/6643755"
}
@conference{
    driverProfiling,
    title = "Driver Profiling Using Realistic Racing Games",
    author = "Manas Kale and M.V. Bedekar",
    year = "2018",
    month = "April",
    publisher = "IEEE",
    doi = "10.1109/ICICCT.2018.8473154",
    url = "https://ieeexplore.ieee.org/document/8473154"
}
